%YAML 1.1
%TAG !u! tag:unity3d.com,2011:
--- !u!1 &8959538193448705693
GameObject:
  m_ObjectHideFlags: 0
  m_CorrespondingSourceObject: {fileID: 0}
  m_PrefabInstance: {fileID: 0}
  m_PrefabAsset: {fileID: 0}
  serializedVersion: 6
  m_Component:
  - component: {fileID: 5336190911197539470}
  - component: {fileID: 3987642678871840440}
  - component: {fileID: 7235730479509154369}
  - component: {fileID: 545280013}
  - component: {fileID: 545280012}
  m_Layer: 0
  m_Name: ItemTable
  m_TagString: Untagged
  m_Icon: {fileID: 0}
  m_NavMeshLayer: 0
  m_StaticEditorFlags: 4294967295
  m_IsActive: 1
--- !u!4 &5336190911197539470
Transform:
  m_ObjectHideFlags: 0
  m_CorrespondingSourceObject: {fileID: 0}
  m_PrefabInstance: {fileID: 0}
  m_PrefabAsset: {fileID: 0}
  m_GameObject: {fileID: 8959538193448705693}
  m_LocalRotation: {x: 0, y: 0, z: 0, w: 1}
  m_LocalPosition: {x: -1.353503, y: -0.02, z: -0.49}
  m_LocalScale: {x: 1, y: 1, z: 1}
  m_Children:
  - {fileID: 7951563905958027699}
  - {fileID: 1173196042178871690}
  - {fileID: 6727161748056548455}
  m_Father: {fileID: 0}
  m_RootOrder: 0
  m_LocalEulerAnglesHint: {x: 0, y: 0, z: 0}
--- !u!33 &3987642678871840440
MeshFilter:
  m_ObjectHideFlags: 0
  m_CorrespondingSourceObject: {fileID: 0}
  m_PrefabInstance: {fileID: 0}
  m_PrefabAsset: {fileID: 0}
  m_GameObject: {fileID: 8959538193448705693}
  m_Mesh: {fileID: 5060444177187149915, guid: adbd885894da60247a1d1bb45031c99c, type: 3}
--- !u!23 &7235730479509154369
MeshRenderer:
  m_ObjectHideFlags: 0
  m_CorrespondingSourceObject: {fileID: 0}
  m_PrefabInstance: {fileID: 0}
  m_PrefabAsset: {fileID: 0}
  m_GameObject: {fileID: 8959538193448705693}
  m_Enabled: 1
  m_CastShadows: 1
  m_ReceiveShadows: 1
  m_DynamicOccludee: 1
  m_MotionVectors: 1
  m_LightProbeUsage: 1
  m_ReflectionProbeUsage: 1
  m_RenderingLayerMask: 1
  m_RendererPriority: 0
  m_Materials:
  - {fileID: 2100000, guid: d1f17021538fd884ea8c61cb899abdd8, type: 2}
  m_StaticBatchInfo:
    firstSubMesh: 0
    subMeshCount: 0
  m_StaticBatchRoot: {fileID: 0}
  m_ProbeAnchor: {fileID: 0}
  m_LightProbeVolumeOverride: {fileID: 0}
  m_ScaleInLightmap: 1
  m_ReceiveGI: 1
  m_PreserveUVs: 0
  m_IgnoreNormalsForChartDetection: 0
  m_ImportantGI: 0
  m_StitchLightmapSeams: 1
  m_SelectedEditorRenderState: 3
  m_MinimumChartSize: 4
  m_AutoUVMaxDistance: 0.5
  m_AutoUVMaxAngle: 89
  m_LightmapParameters: {fileID: 0}
  m_SortingLayerID: 0
  m_SortingLayer: 0
  m_SortingOrder: 0
--- !u!64 &545280013
MeshCollider:
  m_ObjectHideFlags: 0
  m_CorrespondingSourceObject: {fileID: 0}
  m_PrefabInstance: {fileID: 0}
  m_PrefabAsset: {fileID: 0}
  m_GameObject: {fileID: 8959538193448705693}
  m_Material: {fileID: 0}
  m_IsTrigger: 0
  m_Enabled: 1
  serializedVersion: 3
  m_Convex: 0
  m_CookingOptions: 14
  m_Mesh: {fileID: 5060444177187149915, guid: adbd885894da60247a1d1bb45031c99c, type: 3}
--- !u!114 &545280012
MonoBehaviour:
  m_ObjectHideFlags: 0
  m_CorrespondingSourceObject: {fileID: 0}
  m_PrefabInstance: {fileID: 0}
  m_PrefabAsset: {fileID: 0}
  m_GameObject: {fileID: 8959538193448705693}
  m_Enabled: 1
  m_EditorHideFlags: 0
  m_Script: {fileID: 11500000, guid: bad3de3692292814ba352e7c9ab0c8bc, type: 3}
  m_Name: 
  m_EditorClassIdentifier: 
  textureSize: 64
--- !u!1001 &1700970472591034318
PrefabInstance:
  m_ObjectHideFlags: 0
  serializedVersion: 2
  m_Modification:
    m_TransformParent: {fileID: 5336190911197539470}
    m_Modifications:
    - target: {fileID: 563803399288571462, guid: 7cf511d27859f7349a96d02850fbf132,
        type: 3}
      propertyPath: m_Name
      value: ProductSpawning (1)
      objectReference: {fileID: 0}
    - target: {fileID: 563803399288571460, guid: 7cf511d27859f7349a96d02850fbf132,
        type: 3}
      propertyPath: m_LocalPosition.x
      value: -0.026000023
      objectReference: {fileID: 0}
    - target: {fileID: 563803399288571460, guid: 7cf511d27859f7349a96d02850fbf132,
        type: 3}
      propertyPath: m_LocalPosition.y
      value: 0.6972966
      objectReference: {fileID: 0}
    - target: {fileID: 563803399288571460, guid: 7cf511d27859f7349a96d02850fbf132,
        type: 3}
      propertyPath: m_LocalPosition.z
      value: 0.025
      objectReference: {fileID: 0}
    - target: {fileID: 563803399288571460, guid: 7cf511d27859f7349a96d02850fbf132,
        type: 3}
      propertyPath: m_LocalRotation.x
      value: -0
      objectReference: {fileID: 0}
    - target: {fileID: 563803399288571460, guid: 7cf511d27859f7349a96d02850fbf132,
        type: 3}
      propertyPath: m_LocalRotation.y
      value: -0
      objectReference: {fileID: 0}
    - target: {fileID: 563803399288571460, guid: 7cf511d27859f7349a96d02850fbf132,
        type: 3}
      propertyPath: m_LocalRotation.z
      value: -0
      objectReference: {fileID: 0}
    - target: {fileID: 563803399288571460, guid: 7cf511d27859f7349a96d02850fbf132,
        type: 3}
      propertyPath: m_LocalRotation.w
      value: 1
      objectReference: {fileID: 0}
    - target: {fileID: 563803399288571460, guid: 7cf511d27859f7349a96d02850fbf132,
        type: 3}
      propertyPath: m_RootOrder
      value: 1
      objectReference: {fileID: 0}
    - target: {fileID: 563803399288571460, guid: 7cf511d27859f7349a96d02850fbf132,
        type: 3}
      propertyPath: m_LocalEulerAnglesHint.x
      value: 0
      objectReference: {fileID: 0}
    - target: {fileID: 563803399288571460, guid: 7cf511d27859f7349a96d02850fbf132,
        type: 3}
      propertyPath: m_LocalEulerAnglesHint.y
      value: 0
      objectReference: {fileID: 0}
    - target: {fileID: 563803399288571460, guid: 7cf511d27859f7349a96d02850fbf132,
        type: 3}
      propertyPath: m_LocalEulerAnglesHint.z
      value: 0
      objectReference: {fileID: 0}
    m_RemovedComponents: []
  m_SourcePrefab: {fileID: 100100000, guid: 7cf511d27859f7349a96d02850fbf132, type: 3}
--- !u!4 &1173196042178871690 stripped
Transform:
  m_CorrespondingSourceObject: {fileID: 563803399288571460, guid: 7cf511d27859f7349a96d02850fbf132,
    type: 3}
  m_PrefabInstance: {fileID: 1700970472591034318}
  m_PrefabAsset: {fileID: 0}
--- !u!1001 &6523646319771345443
PrefabInstance:
  m_ObjectHideFlags: 0
  serializedVersion: 2
  m_Modification:
    m_TransformParent: {fileID: 5336190911197539470}
    m_Modifications:
    - target: {fileID: 563803399288571462, guid: 7cf511d27859f7349a96d02850fbf132,
        type: 3}
      propertyPath: m_Name
      value: ProductSpawning (2)
      objectReference: {fileID: 0}
    - target: {fileID: 563803399288571460, guid: 7cf511d27859f7349a96d02850fbf132,
        type: 3}
      propertyPath: m_LocalPosition.x
      value: -0.026000023
      objectReference: {fileID: 0}
    - target: {fileID: 563803399288571460, guid: 7cf511d27859f7349a96d02850fbf132,
        type: 3}
      propertyPath: m_LocalPosition.y
      value: 0.6972966
      objectReference: {fileID: 0}
    - target: {fileID: 563803399288571460, guid: 7cf511d27859f7349a96d02850fbf132,
        type: 3}
      propertyPath: m_LocalPosition.z
      value: -0.7
      objectReference: {fileID: 0}
    - target: {fileID: 563803399288571460, guid: 7cf511d27859f7349a96d02850fbf132,
        type: 3}
      propertyPath: m_LocalRotation.x
      value: -0
      objectReference: {fileID: 0}
    - target: {fileID: 563803399288571460, guid: 7cf511d27859f7349a96d02850fbf132,
        type: 3}
      propertyPath: m_LocalRotation.y
      value: -0
      objectReference: {fileID: 0}
    - target: {fileID: 563803399288571460, guid: 7cf511d27859f7349a96d02850fbf132,
        type: 3}
      propertyPath: m_LocalRotation.z
      value: -0
      objectReference: {fileID: 0}
    - target: {fileID: 563803399288571460, guid: 7cf511d27859f7349a96d02850fbf132,
        type: 3}
      propertyPath: m_LocalRotation.w
      value: 1
      objectReference: {fileID: 0}
    - target: {fileID: 563803399288571460, guid: 7cf511d27859f7349a96d02850fbf132,
        type: 3}
      propertyPath: m_RootOrder
      value: 2
      objectReference: {fileID: 0}
    - target: {fileID: 563803399288571460, guid: 7cf511d27859f7349a96d02850fbf132,
        type: 3}
      propertyPath: m_LocalEulerAnglesHint.x
      value: 0
      objectReference: {fileID: 0}
    - target: {fileID: 563803399288571460, guid: 7cf511d27859f7349a96d02850fbf132,
        type: 3}
      propertyPath: m_LocalEulerAnglesHint.y
      value: 0
      objectReference: {fileID: 0}
    - target: {fileID: 563803399288571460, guid: 7cf511d27859f7349a96d02850fbf132,
        type: 3}
      propertyPath: m_LocalEulerAnglesHint.z
      value: 0
      objectReference: {fileID: 0}
    m_RemovedComponents: []
  m_SourcePrefab: {fileID: 100100000, guid: 7cf511d27859f7349a96d02850fbf132, type: 3}
--- !u!4 &6727161748056548455 stripped
Transform:
  m_CorrespondingSourceObject: {fileID: 563803399288571460, guid: 7cf511d27859f7349a96d02850fbf132,
    type: 3}
  m_PrefabInstance: {fileID: 6523646319771345443}
  m_PrefabAsset: {fileID: 0}
--- !u!1001 &7605076781698312183
PrefabInstance:
  m_ObjectHideFlags: 0
  serializedVersion: 2
  m_Modification:
    m_TransformParent: {fileID: 5336190911197539470}
    m_Modifications:
    - target: {fileID: 563803399288571462, guid: 7cf511d27859f7349a96d02850fbf132,
        type: 3}
      propertyPath: m_Name
      value: ProductSpawning
      objectReference: {fileID: 0}
    - target: {fileID: 563803399288571460, guid: 7cf511d27859f7349a96d02850fbf132,
        type: 3}
      propertyPath: m_LocalPosition.x
      value: -0.026
      objectReference: {fileID: 0}
    - target: {fileID: 563803399288571460, guid: 7cf511d27859f7349a96d02850fbf132,
        type: 3}
      propertyPath: m_LocalPosition.y
      value: 0.6972966
      objectReference: {fileID: 0}
    - target: {fileID: 563803399288571460, guid: 7cf511d27859f7349a96d02850fbf132,
        type: 3}
      propertyPath: m_LocalPosition.z
      value: 0.724
      objectReference: {fileID: 0}
    - target: {fileID: 563803399288571460, guid: 7cf511d27859f7349a96d02850fbf132,
        type: 3}
      propertyPath: m_LocalRotation.x
      value: -0
      objectReference: {fileID: 0}
    - target: {fileID: 563803399288571460, guid: 7cf511d27859f7349a96d02850fbf132,
        type: 3}
      propertyPath: m_LocalRotation.y
      value: -0
      objectReference: {fileID: 0}
    - target: {fileID: 563803399288571460, guid: 7cf511d27859f7349a96d02850fbf132,
        type: 3}
      propertyPath: m_LocalRotation.z
      value: -0
      objectReference: {fileID: 0}
    - target: {fileID: 563803399288571460, guid: 7cf511d27859f7349a96d02850fbf132,
        type: 3}
      propertyPath: m_LocalRotation.w
      value: 1
      objectReference: {fileID: 0}
    - target: {fileID: 563803399288571460, guid: 7cf511d27859f7349a96d02850fbf132,
        type: 3}
      propertyPath: m_RootOrder
      value: 0
      objectReference: {fileID: 0}
    - target: {fileID: 563803399288571460, guid: 7cf511d27859f7349a96d02850fbf132,
        type: 3}
      propertyPath: m_LocalEulerAnglesHint.x
      value: 0
      objectReference: {fileID: 0}
    - target: {fileID: 563803399288571460, guid: 7cf511d27859f7349a96d02850fbf132,
        type: 3}
      propertyPath: m_LocalEulerAnglesHint.y
      value: 0
      objectReference: {fileID: 0}
    - target: {fileID: 563803399288571460, guid: 7cf511d27859f7349a96d02850fbf132,
        type: 3}
      propertyPath: m_LocalEulerAnglesHint.z
      value: 0
      objectReference: {fileID: 0}
    m_RemovedComponents: []
  m_SourcePrefab: {fileID: 100100000, guid: 7cf511d27859f7349a96d02850fbf132, type: 3}
--- !u!4 &7951563905958027699 stripped
Transform:
  m_CorrespondingSourceObject: {fileID: 563803399288571460, guid: 7cf511d27859f7349a96d02850fbf132,
    type: 3}
  m_PrefabInstance: {fileID: 7605076781698312183}
  m_PrefabAsset: {fileID: 0}
