%YAML 1.1
%TAG !u! tag:unity3d.com,2011:
--- !u!1 &1683189133766352433
GameObject:
  m_ObjectHideFlags: 0
  m_CorrespondingSourceObject: {fileID: 0}
  m_PrefabInstance: {fileID: 0}
  m_PrefabAsset: {fileID: 0}
  serializedVersion: 6
  m_Component:
  - component: {fileID: 2378105393875659810}
  - component: {fileID: 6655120676139636244}
  - component: {fileID: 1109914750766213869}
  - component: {fileID: 7713908723457888417}
  - component: {fileID: 7713908723457888416}
  - component: {fileID: 6740451237241422641}
  m_Layer: 0
  m_Name: PlayerItemPlaceHolderTable
  m_TagString: PlayerTable
  m_Icon: {fileID: 0}
  m_NavMeshLayer: 0
  m_StaticEditorFlags: 4294967295
  m_IsActive: 1
--- !u!4 &2378105393875659810
Transform:
  m_ObjectHideFlags: 0
  m_CorrespondingSourceObject: {fileID: 0}
  m_PrefabInstance: {fileID: 0}
  m_PrefabAsset: {fileID: 0}
  m_GameObject: {fileID: 1683189133766352433}
  m_LocalRotation: {x: 0, y: 0, z: 0, w: 1}
  m_LocalPosition: {x: -2.3862324, y: 1.6095267e-16, z: -4.7099643}
  m_LocalScale: {x: 1, y: 1, z: 1}
  m_Children:
  - {fileID: 1598957904512445144}
  - {fileID: 9068779888235638460}
  - {fileID: 5090344471327312639}
  m_Father: {fileID: 0}
  m_RootOrder: 0
  m_LocalEulerAnglesHint: {x: 0, y: 0, z: 0}
--- !u!33 &6655120676139636244
MeshFilter:
  m_ObjectHideFlags: 0
  m_CorrespondingSourceObject: {fileID: 0}
  m_PrefabInstance: {fileID: 0}
  m_PrefabAsset: {fileID: 0}
  m_GameObject: {fileID: 1683189133766352433}
  m_Mesh: {fileID: 5060444177187149915, guid: adbd885894da60247a1d1bb45031c99c, type: 3}
--- !u!23 &1109914750766213869
MeshRenderer:
  m_ObjectHideFlags: 0
  m_CorrespondingSourceObject: {fileID: 0}
  m_PrefabInstance: {fileID: 0}
  m_PrefabAsset: {fileID: 0}
  m_GameObject: {fileID: 1683189133766352433}
  m_Enabled: 1
  m_CastShadows: 1
  m_ReceiveShadows: 1
  m_DynamicOccludee: 1
  m_MotionVectors: 1
  m_LightProbeUsage: 1
  m_ReflectionProbeUsage: 1
  m_RenderingLayerMask: 1
  m_RendererPriority: 0
  m_Materials:
  - {fileID: 2100000, guid: d1f17021538fd884ea8c61cb899abdd8, type: 2}
  m_StaticBatchInfo:
    firstSubMesh: 0
    subMeshCount: 0
  m_StaticBatchRoot: {fileID: 0}
  m_ProbeAnchor: {fileID: 0}
  m_LightProbeVolumeOverride: {fileID: 0}
  m_ScaleInLightmap: 1
  m_ReceiveGI: 1
  m_PreserveUVs: 0
  m_IgnoreNormalsForChartDetection: 0
  m_ImportantGI: 0
  m_StitchLightmapSeams: 1
  m_SelectedEditorRenderState: 3
  m_MinimumChartSize: 4
  m_AutoUVMaxDistance: 0.5
  m_AutoUVMaxAngle: 89
  m_LightmapParameters: {fileID: 0}
  m_SortingLayerID: 0
  m_SortingLayer: 0
  m_SortingOrder: 0
--- !u!64 &7713908723457888417
MeshCollider:
  m_ObjectHideFlags: 0
  m_CorrespondingSourceObject: {fileID: 0}
  m_PrefabInstance: {fileID: 0}
  m_PrefabAsset: {fileID: 0}
  m_GameObject: {fileID: 1683189133766352433}
  m_Material: {fileID: 0}
  m_IsTrigger: 0
  m_Enabled: 1
  serializedVersion: 3
  m_Convex: 0
  m_CookingOptions: 14
  m_Mesh: {fileID: 5060444177187149915, guid: adbd885894da60247a1d1bb45031c99c, type: 3}
--- !u!114 &7713908723457888416
MonoBehaviour:
  m_ObjectHideFlags: 0
  m_CorrespondingSourceObject: {fileID: 0}
  m_PrefabInstance: {fileID: 0}
  m_PrefabAsset: {fileID: 0}
  m_GameObject: {fileID: 1683189133766352433}
  m_Enabled: 1
  m_EditorHideFlags: 0
  m_Script: {fileID: 11500000, guid: bad3de3692292814ba352e7c9ab0c8bc, type: 3}
  m_Name: 
  m_EditorClassIdentifier: 
  textureSize: 64
--- !u!114 &6740451237241422641
MonoBehaviour:
  m_ObjectHideFlags: 0
  m_CorrespondingSourceObject: {fileID: 0}
  m_PrefabInstance: {fileID: 0}
  m_PrefabAsset: {fileID: 0}
  m_GameObject: {fileID: 1683189133766352433}
  m_Enabled: 1
  m_EditorHideFlags: 0
  m_Script: {fileID: 11500000, guid: 8b4fd3e7c4c543447a518ba6d463a636, type: 3}
  m_Name: 
  m_EditorClassIdentifier: 
--- !u!1 &1956173375429090786
GameObject:
  m_ObjectHideFlags: 0
  m_CorrespondingSourceObject: {fileID: 0}
  m_PrefabInstance: {fileID: 0}
  m_PrefabAsset: {fileID: 0}
  serializedVersion: 6
  m_Component:
  - component: {fileID: 9068779888235638460}
  - component: {fileID: 4477767461196618723}
  m_Layer: 0
  m_Name: ItemPlaceHolder (1)
  m_TagString: Untagged
  m_Icon: {fileID: 3936346786652291628, guid: 0000000000000000d000000000000000, type: 0}
  m_NavMeshLayer: 0
  m_StaticEditorFlags: 0
  m_IsActive: 1
--- !u!4 &9068779888235638460
Transform:
  m_ObjectHideFlags: 0
  m_CorrespondingSourceObject: {fileID: 0}
  m_PrefabInstance: {fileID: 0}
  m_PrefabAsset: {fileID: 0}
  m_GameObject: {fileID: 1956173375429090786}
  m_LocalRotation: {x: -0, y: -0, z: -0, w: 1}
  m_LocalPosition: {x: -0.026, y: 0.6972966, z: 0.059}
  m_LocalScale: {x: 1, y: 1, z: 1}
  m_Children:
  - {fileID: 3424447159938582680}
  m_Father: {fileID: 2378105393875659810}
  m_RootOrder: 1
  m_LocalEulerAnglesHint: {x: 0, y: 0, z: 0}
--- !u!114 &4477767461196618723
MonoBehaviour:
  m_ObjectHideFlags: 0
  m_CorrespondingSourceObject: {fileID: 0}
  m_PrefabInstance: {fileID: 0}
  m_PrefabAsset: {fileID: 0}
  m_GameObject: {fileID: 1956173375429090786}
  m_Enabled: 1
  m_EditorHideFlags: 0
  m_Script: {fileID: 11500000, guid: 3763644540370f748954069eec2330d7, type: 3}
  m_Name: 
  m_EditorClassIdentifier: 
  HasObject: 0
  playerTag: Player2
  _indicator: {fileID: 2862676987345048124}
--- !u!1 &2240625156189030685
GameObject:
  m_ObjectHideFlags: 0
  m_CorrespondingSourceObject: {fileID: 0}
  m_PrefabInstance: {fileID: 0}
  m_PrefabAsset: {fileID: 0}
  serializedVersion: 6
  m_Component:
  - component: {fileID: 5090344471327312639}
  - component: {fileID: 8139700060043362934}
  m_Layer: 0
  m_Name: ItemPlaceHolder (2)
  m_TagString: Untagged
  m_Icon: {fileID: 3936346786652291628, guid: 0000000000000000d000000000000000, type: 0}
  m_NavMeshLayer: 0
  m_StaticEditorFlags: 0
  m_IsActive: 1
--- !u!4 &5090344471327312639
Transform:
  m_ObjectHideFlags: 0
  m_CorrespondingSourceObject: {fileID: 0}
  m_PrefabInstance: {fileID: 0}
  m_PrefabAsset: {fileID: 0}
  m_GameObject: {fileID: 2240625156189030685}
  m_LocalRotation: {x: -0, y: -0, z: -0, w: 1}
  m_LocalPosition: {x: -0.026, y: 0.6972966, z: -0.533}
  m_LocalScale: {x: 1, y: 1, z: 1}
  m_Children:
  - {fileID: 2997623284963710657}
  m_Father: {fileID: 2378105393875659810}
  m_RootOrder: 2
  m_LocalEulerAnglesHint: {x: 0, y: 0, z: 0}
--- !u!114 &8139700060043362934
MonoBehaviour:
  m_ObjectHideFlags: 0
  m_CorrespondingSourceObject: {fileID: 0}
  m_PrefabInstance: {fileID: 0}
  m_PrefabAsset: {fileID: 0}
  m_GameObject: {fileID: 2240625156189030685}
  m_Enabled: 1
  m_EditorHideFlags: 0
  m_Script: {fileID: 11500000, guid: 3763644540370f748954069eec2330d7, type: 3}
  m_Name: 
  m_EditorClassIdentifier: 
  HasObject: 0
  playerTag: 
  _indicator: {fileID: 2424594110081698917}
--- !u!1 &7231434108478296177
GameObject:
  m_ObjectHideFlags: 0
  m_CorrespondingSourceObject: {fileID: 0}
  m_PrefabInstance: {fileID: 0}
  m_PrefabAsset: {fileID: 0}
  serializedVersion: 6
  m_Component:
  - component: {fileID: 1598957904512445144}
  - component: {fileID: 2068842342666046844}
  m_Layer: 0
  m_Name: ItemPlaceHolder
  m_TagString: Untagged
  m_Icon: {fileID: 3936346786652291628, guid: 0000000000000000d000000000000000, type: 0}
  m_NavMeshLayer: 0
  m_StaticEditorFlags: 0
  m_IsActive: 1
--- !u!4 &1598957904512445144
Transform:
  m_ObjectHideFlags: 0
  m_CorrespondingSourceObject: {fileID: 0}
  m_PrefabInstance: {fileID: 0}
  m_PrefabAsset: {fileID: 0}
  m_GameObject: {fileID: 7231434108478296177}
  m_LocalRotation: {x: -0, y: -0, z: -0, w: 1}
  m_LocalPosition: {x: -0.026, y: 0.6972966, z: 0.669}
  m_LocalScale: {x: 1, y: 1, z: 1}
  m_Children:
  - {fileID: 3692464230587430678}
  m_Father: {fileID: 2378105393875659810}
  m_RootOrder: 0
  m_LocalEulerAnglesHint: {x: 0, y: 0, z: 0}
--- !u!114 &2068842342666046844
MonoBehaviour:
  m_ObjectHideFlags: 0
  m_CorrespondingSourceObject: {fileID: 0}
  m_PrefabInstance: {fileID: 0}
  m_PrefabAsset: {fileID: 0}
  m_GameObject: {fileID: 7231434108478296177}
  m_Enabled: 1
  m_EditorHideFlags: 0
  m_Script: {fileID: 11500000, guid: 3763644540370f748954069eec2330d7, type: 3}
  m_Name: 
  m_EditorClassIdentifier: 
  HasObject: 0
  playerTag: 
  _indicator: {fileID: 4251984803460607410}
--- !u!1001 &2646595820959414172
PrefabInstance:
  m_ObjectHideFlags: 0
  serializedVersion: 2
  m_Modification:
    m_TransformParent: {fileID: 1598957904512445144}
    m_Modifications:
    - target: {fileID: 2285732146518776366, guid: e11560cf10d11734a96054bdfd200cc7,
        type: 3}
      propertyPath: m_Name
      value: ProductGUI
      objectReference: {fileID: 0}
    - target: {fileID: 1694721557394243722, guid: e11560cf10d11734a96054bdfd200cc7,
        type: 3}
      propertyPath: m_LocalPosition.x
      value: 0
      objectReference: {fileID: 0}
    - target: {fileID: 1694721557394243722, guid: e11560cf10d11734a96054bdfd200cc7,
        type: 3}
      propertyPath: m_LocalPosition.y
      value: 0
      objectReference: {fileID: 0}
    - target: {fileID: 1694721557394243722, guid: e11560cf10d11734a96054bdfd200cc7,
        type: 3}
      propertyPath: m_LocalPosition.z
      value: 0
      objectReference: {fileID: 0}
    - target: {fileID: 1694721557394243722, guid: e11560cf10d11734a96054bdfd200cc7,
        type: 3}
      propertyPath: m_LocalRotation.x
      value: 0
      objectReference: {fileID: 0}
    - target: {fileID: 1694721557394243722, guid: e11560cf10d11734a96054bdfd200cc7,
        type: 3}
      propertyPath: m_LocalRotation.y
      value: 0
      objectReference: {fileID: 0}
    - target: {fileID: 1694721557394243722, guid: e11560cf10d11734a96054bdfd200cc7,
        type: 3}
      propertyPath: m_LocalRotation.z
      value: 0
      objectReference: {fileID: 0}
    - target: {fileID: 1694721557394243722, guid: e11560cf10d11734a96054bdfd200cc7,
        type: 3}
      propertyPath: m_LocalRotation.w
      value: 1
      objectReference: {fileID: 0}
    - target: {fileID: 1694721557394243722, guid: e11560cf10d11734a96054bdfd200cc7,
        type: 3}
      propertyPath: m_RootOrder
      value: 0
      objectReference: {fileID: 0}
    - target: {fileID: 1694721557394243722, guid: e11560cf10d11734a96054bdfd200cc7,
        type: 3}
      propertyPath: m_LocalEulerAnglesHint.x
      value: 0
      objectReference: {fileID: 0}
    - target: {fileID: 1694721557394243722, guid: e11560cf10d11734a96054bdfd200cc7,
        type: 3}
      propertyPath: m_LocalEulerAnglesHint.y
      value: 0
      objectReference: {fileID: 0}
    - target: {fileID: 1694721557394243722, guid: e11560cf10d11734a96054bdfd200cc7,
        type: 3}
      propertyPath: m_LocalEulerAnglesHint.z
      value: 0
      objectReference: {fileID: 0}
    - target: {fileID: 1694721557394243722, guid: e11560cf10d11734a96054bdfd200cc7,
        type: 3}
      propertyPath: m_AnchoredPosition.x
      value: 0
      objectReference: {fileID: 0}
    - target: {fileID: 1694721557394243722, guid: e11560cf10d11734a96054bdfd200cc7,
        type: 3}
      propertyPath: m_AnchoredPosition.y
      value: 1.2650146
      objectReference: {fileID: 0}
    - target: {fileID: 1694721557394243722, guid: e11560cf10d11734a96054bdfd200cc7,
        type: 3}
      propertyPath: m_SizeDelta.x
      value: 3
      objectReference: {fileID: 0}
    - target: {fileID: 1694721557394243722, guid: e11560cf10d11734a96054bdfd200cc7,
        type: 3}
      propertyPath: m_SizeDelta.y
      value: 0.75
      objectReference: {fileID: 0}
    - target: {fileID: 1694721557394243722, guid: e11560cf10d11734a96054bdfd200cc7,
        type: 3}
      propertyPath: m_AnchorMin.x
      value: 0
      objectReference: {fileID: 0}
    - target: {fileID: 1694721557394243722, guid: e11560cf10d11734a96054bdfd200cc7,
        type: 3}
      propertyPath: m_AnchorMin.y
      value: 0
      objectReference: {fileID: 0}
    - target: {fileID: 1694721557394243722, guid: e11560cf10d11734a96054bdfd200cc7,
        type: 3}
      propertyPath: m_AnchorMax.x
      value: 0
      objectReference: {fileID: 0}
    - target: {fileID: 1694721557394243722, guid: e11560cf10d11734a96054bdfd200cc7,
        type: 3}
      propertyPath: m_AnchorMax.y
      value: 0
      objectReference: {fileID: 0}
    - target: {fileID: 1694721557394243722, guid: e11560cf10d11734a96054bdfd200cc7,
        type: 3}
      propertyPath: m_Pivot.x
      value: 0.5
      objectReference: {fileID: 0}
    - target: {fileID: 1694721557394243722, guid: e11560cf10d11734a96054bdfd200cc7,
        type: 3}
      propertyPath: m_Pivot.y
      value: 0.5
      objectReference: {fileID: 0}
    m_RemovedComponents: []
  m_SourcePrefab: {fileID: 100100000, guid: e11560cf10d11734a96054bdfd200cc7, type: 3}
--- !u!1 &4251984803460607410 stripped
GameObject:
  m_CorrespondingSourceObject: {fileID: 2285732146518776366, guid: e11560cf10d11734a96054bdfd200cc7,
    type: 3}
  m_PrefabInstance: {fileID: 2646595820959414172}
  m_PrefabAsset: {fileID: 0}
--- !u!224 &3692464230587430678 stripped
RectTransform:
  m_CorrespondingSourceObject: {fileID: 1694721557394243722, guid: e11560cf10d11734a96054bdfd200cc7,
    type: 3}
  m_PrefabInstance: {fileID: 2646595820959414172}
  m_PrefabAsset: {fileID: 0}
--- !u!1001 &4036008992119605266
PrefabInstance:
  m_ObjectHideFlags: 0
  serializedVersion: 2
  m_Modification:
    m_TransformParent: {fileID: 9068779888235638460}
    m_Modifications:
    - target: {fileID: 2285732146518776366, guid: e11560cf10d11734a96054bdfd200cc7,
        type: 3}
      propertyPath: m_Name
      value: ProductGUI
      objectReference: {fileID: 0}
    - target: {fileID: 1694721557394243722, guid: e11560cf10d11734a96054bdfd200cc7,
        type: 3}
      propertyPath: m_LocalPosition.x
      value: 0
      objectReference: {fileID: 0}
    - target: {fileID: 1694721557394243722, guid: e11560cf10d11734a96054bdfd200cc7,
        type: 3}
      propertyPath: m_LocalPosition.y
      value: 0
      objectReference: {fileID: 0}
    - target: {fileID: 1694721557394243722, guid: e11560cf10d11734a96054bdfd200cc7,
        type: 3}
      propertyPath: m_LocalPosition.z
      value: 0
      objectReference: {fileID: 0}
    - target: {fileID: 1694721557394243722, guid: e11560cf10d11734a96054bdfd200cc7,
        type: 3}
      propertyPath: m_LocalRotation.x
      value: 0
      objectReference: {fileID: 0}
    - target: {fileID: 1694721557394243722, guid: e11560cf10d11734a96054bdfd200cc7,
        type: 3}
      propertyPath: m_LocalRotation.y
      value: 0
      objectReference: {fileID: 0}
    - target: {fileID: 1694721557394243722, guid: e11560cf10d11734a96054bdfd200cc7,
        type: 3}
      propertyPath: m_LocalRotation.z
      value: 0
      objectReference: {fileID: 0}
    - target: {fileID: 1694721557394243722, guid: e11560cf10d11734a96054bdfd200cc7,
        type: 3}
      propertyPath: m_LocalRotation.w
      value: 1
      objectReference: {fileID: 0}
    - target: {fileID: 1694721557394243722, guid: e11560cf10d11734a96054bdfd200cc7,
        type: 3}
      propertyPath: m_RootOrder
      value: 0
      objectReference: {fileID: 0}
    - target: {fileID: 1694721557394243722, guid: e11560cf10d11734a96054bdfd200cc7,
        type: 3}
      propertyPath: m_LocalEulerAnglesHint.x
      value: 0
      objectReference: {fileID: 0}
    - target: {fileID: 1694721557394243722, guid: e11560cf10d11734a96054bdfd200cc7,
        type: 3}
      propertyPath: m_LocalEulerAnglesHint.y
      value: 0
      objectReference: {fileID: 0}
    - target: {fileID: 1694721557394243722, guid: e11560cf10d11734a96054bdfd200cc7,
        type: 3}
      propertyPath: m_LocalEulerAnglesHint.z
      value: 0
      objectReference: {fileID: 0}
    - target: {fileID: 1694721557394243722, guid: e11560cf10d11734a96054bdfd200cc7,
        type: 3}
      propertyPath: m_AnchoredPosition.x
      value: 0
      objectReference: {fileID: 0}
    - target: {fileID: 1694721557394243722, guid: e11560cf10d11734a96054bdfd200cc7,
        type: 3}
      propertyPath: m_AnchoredPosition.y
      value: 1.2650146
      objectReference: {fileID: 0}
    - target: {fileID: 1694721557394243722, guid: e11560cf10d11734a96054bdfd200cc7,
        type: 3}
      propertyPath: m_SizeDelta.x
      value: 3
      objectReference: {fileID: 0}
    - target: {fileID: 1694721557394243722, guid: e11560cf10d11734a96054bdfd200cc7,
        type: 3}
      propertyPath: m_SizeDelta.y
      value: 0.75
      objectReference: {fileID: 0}
    - target: {fileID: 1694721557394243722, guid: e11560cf10d11734a96054bdfd200cc7,
        type: 3}
      propertyPath: m_AnchorMin.x
      value: 0
      objectReference: {fileID: 0}
    - target: {fileID: 1694721557394243722, guid: e11560cf10d11734a96054bdfd200cc7,
        type: 3}
      propertyPath: m_AnchorMin.y
      value: 0
      objectReference: {fileID: 0}
    - target: {fileID: 1694721557394243722, guid: e11560cf10d11734a96054bdfd200cc7,
        type: 3}
      propertyPath: m_AnchorMax.x
      value: 0
      objectReference: {fileID: 0}
    - target: {fileID: 1694721557394243722, guid: e11560cf10d11734a96054bdfd200cc7,
        type: 3}
      propertyPath: m_AnchorMax.y
      value: 0
      objectReference: {fileID: 0}
    - target: {fileID: 1694721557394243722, guid: e11560cf10d11734a96054bdfd200cc7,
        type: 3}
      propertyPath: m_Pivot.x
      value: 0.5
      objectReference: {fileID: 0}
    - target: {fileID: 1694721557394243722, guid: e11560cf10d11734a96054bdfd200cc7,
        type: 3}
      propertyPath: m_Pivot.y
      value: 0.5
      objectReference: {fileID: 0}
    m_RemovedComponents: []
  m_SourcePrefab: {fileID: 100100000, guid: e11560cf10d11734a96054bdfd200cc7, type: 3}
--- !u!1 &2862676987345048124 stripped
GameObject:
  m_CorrespondingSourceObject: {fileID: 2285732146518776366, guid: e11560cf10d11734a96054bdfd200cc7,
    type: 3}
  m_PrefabInstance: {fileID: 4036008992119605266}
  m_PrefabAsset: {fileID: 0}
--- !u!224 &3424447159938582680 stripped
RectTransform:
  m_CorrespondingSourceObject: {fileID: 1694721557394243722, guid: e11560cf10d11734a96054bdfd200cc7,
    type: 3}
  m_PrefabInstance: {fileID: 4036008992119605266}
  m_PrefabAsset: {fileID: 0}
--- !u!1001 &4475854799444497995
PrefabInstance:
  m_ObjectHideFlags: 0
  serializedVersion: 2
  m_Modification:
    m_TransformParent: {fileID: 5090344471327312639}
    m_Modifications:
    - target: {fileID: 2285732146518776366, guid: e11560cf10d11734a96054bdfd200cc7,
        type: 3}
      propertyPath: m_Name
      value: ProductGUI
      objectReference: {fileID: 0}
    - target: {fileID: 1694721557394243722, guid: e11560cf10d11734a96054bdfd200cc7,
        type: 3}
      propertyPath: m_LocalPosition.x
      value: 0
      objectReference: {fileID: 0}
    - target: {fileID: 1694721557394243722, guid: e11560cf10d11734a96054bdfd200cc7,
        type: 3}
      propertyPath: m_LocalPosition.y
      value: 0
      objectReference: {fileID: 0}
    - target: {fileID: 1694721557394243722, guid: e11560cf10d11734a96054bdfd200cc7,
        type: 3}
      propertyPath: m_LocalPosition.z
      value: 0
      objectReference: {fileID: 0}
    - target: {fileID: 1694721557394243722, guid: e11560cf10d11734a96054bdfd200cc7,
        type: 3}
      propertyPath: m_LocalRotation.x
      value: 0
      objectReference: {fileID: 0}
    - target: {fileID: 1694721557394243722, guid: e11560cf10d11734a96054bdfd200cc7,
        type: 3}
      propertyPath: m_LocalRotation.y
      value: 0
      objectReference: {fileID: 0}
    - target: {fileID: 1694721557394243722, guid: e11560cf10d11734a96054bdfd200cc7,
        type: 3}
      propertyPath: m_LocalRotation.z
      value: 0
      objectReference: {fileID: 0}
    - target: {fileID: 1694721557394243722, guid: e11560cf10d11734a96054bdfd200cc7,
        type: 3}
      propertyPath: m_LocalRotation.w
      value: 1
      objectReference: {fileID: 0}
    - target: {fileID: 1694721557394243722, guid: e11560cf10d11734a96054bdfd200cc7,
        type: 3}
      propertyPath: m_RootOrder
      value: 0
      objectReference: {fileID: 0}
    - target: {fileID: 1694721557394243722, guid: e11560cf10d11734a96054bdfd200cc7,
        type: 3}
      propertyPath: m_LocalEulerAnglesHint.x
      value: 0
      objectReference: {fileID: 0}
    - target: {fileID: 1694721557394243722, guid: e11560cf10d11734a96054bdfd200cc7,
        type: 3}
      propertyPath: m_LocalEulerAnglesHint.y
      value: 0
      objectReference: {fileID: 0}
    - target: {fileID: 1694721557394243722, guid: e11560cf10d11734a96054bdfd200cc7,
        type: 3}
      propertyPath: m_LocalEulerAnglesHint.z
      value: 0
      objectReference: {fileID: 0}
    - target: {fileID: 1694721557394243722, guid: e11560cf10d11734a96054bdfd200cc7,
        type: 3}
      propertyPath: m_AnchoredPosition.x
      value: 0
      objectReference: {fileID: 0}
    - target: {fileID: 1694721557394243722, guid: e11560cf10d11734a96054bdfd200cc7,
        type: 3}
      propertyPath: m_AnchoredPosition.y
      value: 1.2650146
      objectReference: {fileID: 0}
    - target: {fileID: 1694721557394243722, guid: e11560cf10d11734a96054bdfd200cc7,
        type: 3}
      propertyPath: m_SizeDelta.x
      value: 3
      objectReference: {fileID: 0}
    - target: {fileID: 1694721557394243722, guid: e11560cf10d11734a96054bdfd200cc7,
        type: 3}
      propertyPath: m_SizeDelta.y
      value: 0.75
      objectReference: {fileID: 0}
    - target: {fileID: 1694721557394243722, guid: e11560cf10d11734a96054bdfd200cc7,
        type: 3}
      propertyPath: m_AnchorMin.x
      value: 0
      objectReference: {fileID: 0}
    - target: {fileID: 1694721557394243722, guid: e11560cf10d11734a96054bdfd200cc7,
        type: 3}
      propertyPath: m_AnchorMin.y
      value: 0
      objectReference: {fileID: 0}
    - target: {fileID: 1694721557394243722, guid: e11560cf10d11734a96054bdfd200cc7,
        type: 3}
      propertyPath: m_AnchorMax.x
      value: 0
      objectReference: {fileID: 0}
    - target: {fileID: 1694721557394243722, guid: e11560cf10d11734a96054bdfd200cc7,
        type: 3}
      propertyPath: m_AnchorMax.y
      value: 0
      objectReference: {fileID: 0}
    - target: {fileID: 1694721557394243722, guid: e11560cf10d11734a96054bdfd200cc7,
        type: 3}
      propertyPath: m_Pivot.x
      value: 0.5
      objectReference: {fileID: 0}
    - target: {fileID: 1694721557394243722, guid: e11560cf10d11734a96054bdfd200cc7,
        type: 3}
      propertyPath: m_Pivot.y
      value: 0.5
      objectReference: {fileID: 0}
    m_RemovedComponents: []
  m_SourcePrefab: {fileID: 100100000, guid: e11560cf10d11734a96054bdfd200cc7, type: 3}
--- !u!1 &2424594110081698917 stripped
GameObject:
  m_CorrespondingSourceObject: {fileID: 2285732146518776366, guid: e11560cf10d11734a96054bdfd200cc7,
    type: 3}
  m_PrefabInstance: {fileID: 4475854799444497995}
  m_PrefabAsset: {fileID: 0}
--- !u!224 &2997623284963710657 stripped
RectTransform:
  m_CorrespondingSourceObject: {fileID: 1694721557394243722, guid: e11560cf10d11734a96054bdfd200cc7,
    type: 3}
  m_PrefabInstance: {fileID: 4475854799444497995}
  m_PrefabAsset: {fileID: 0}
