%YAML 1.1
%TAG !u! tag:unity3d.com,2011:
--- !u!1 &8182521036725766757
GameObject:
  m_ObjectHideFlags: 0
  m_CorrespondingSourceObject: {fileID: 0}
  m_PrefabInstance: {fileID: 0}
  m_PrefabAsset: {fileID: 0}
  serializedVersion: 6
  m_Component:
  - component: {fileID: 2271767246363340990}
  m_Layer: 0
  m_Name: Sign
  m_TagString: Untagged
  m_Icon: {fileID: 0}
  m_NavMeshLayer: 0
  m_StaticEditorFlags: 0
  m_IsActive: 1
--- !u!4 &2271767246363340990
Transform:
  m_ObjectHideFlags: 0
  m_CorrespondingSourceObject: {fileID: 0}
  m_PrefabInstance: {fileID: 0}
  m_PrefabAsset: {fileID: 0}
  m_GameObject: {fileID: 8182521036725766757}
  m_LocalRotation: {x: 0, y: 0, z: 0, w: 1}
  m_LocalPosition: {x: 0, y: 0, z: 0}
  m_LocalScale: {x: 1, y: 1, z: 1}
  m_Children:
  - {fileID: 8110024765052639626}
  - {fileID: 8988266388962088367}
  - {fileID: 8975883499249573833}
  m_Father: {fileID: 0}
  m_RootOrder: 0
  m_LocalEulerAnglesHint: {x: 0, y: 0, z: 0}
--- !u!1001 &4385347472352362881
PrefabInstance:
  m_ObjectHideFlags: 0
  serializedVersion: 2
  m_Modification:
    m_TransformParent: {fileID: 2271767246363340990}
    m_Modifications:
    - target: {fileID: 4640782266028741677, guid: dbbd7bbedf8d7984b92c9c0aa599efba,
        type: 3}
      propertyPath: m_Name
      value: Table
      objectReference: {fileID: 0}
    - target: {fileID: 4640782266028741678, guid: dbbd7bbedf8d7984b92c9c0aa599efba,
        type: 3}
      propertyPath: m_LocalPosition.x
      value: 0.904
      objectReference: {fileID: 0}
    - target: {fileID: 4640782266028741678, guid: dbbd7bbedf8d7984b92c9c0aa599efba,
        type: 3}
      propertyPath: m_LocalPosition.y
      value: -2.213
      objectReference: {fileID: 0}
    - target: {fileID: 4640782266028741678, guid: dbbd7bbedf8d7984b92c9c0aa599efba,
        type: 3}
      propertyPath: m_LocalPosition.z
      value: 0.357
      objectReference: {fileID: 0}
    - target: {fileID: 4640782266028741678, guid: dbbd7bbedf8d7984b92c9c0aa599efba,
        type: 3}
      propertyPath: m_LocalRotation.x
      value: -0.04687535
      objectReference: {fileID: 0}
    - target: {fileID: 4640782266028741678, guid: dbbd7bbedf8d7984b92c9c0aa599efba,
        type: 3}
      propertyPath: m_LocalRotation.y
      value: -0.7055503
      objectReference: {fileID: 0}
    - target: {fileID: 4640782266028741678, guid: dbbd7bbedf8d7984b92c9c0aa599efba,
        type: 3}
      propertyPath: m_LocalRotation.z
      value: 0.046875216
      objectReference: {fileID: 0}
    - target: {fileID: 4640782266028741678, guid: dbbd7bbedf8d7984b92c9c0aa599efba,
        type: 3}
      propertyPath: m_LocalRotation.w
      value: 0.7055524
      objectReference: {fileID: 0}
    - target: {fileID: 4640782266028741678, guid: dbbd7bbedf8d7984b92c9c0aa599efba,
        type: 3}
      propertyPath: m_RootOrder
      value: 1
      objectReference: {fileID: 0}
    - target: {fileID: 4640782266028741678, guid: dbbd7bbedf8d7984b92c9c0aa599efba,
        type: 3}
      propertyPath: m_LocalEulerAnglesHint.x
      value: 0
      objectReference: {fileID: 0}
    - target: {fileID: 4640782266028741678, guid: dbbd7bbedf8d7984b92c9c0aa599efba,
        type: 3}
      propertyPath: m_LocalEulerAnglesHint.y
      value: -90.00001
      objectReference: {fileID: 0}
    - target: {fileID: 4640782266028741678, guid: dbbd7bbedf8d7984b92c9c0aa599efba,
        type: 3}
      propertyPath: m_LocalEulerAnglesHint.z
      value: 7.602
      objectReference: {fileID: 0}
    m_RemovedComponents: []
  m_SourcePrefab: {fileID: 100100000, guid: dbbd7bbedf8d7984b92c9c0aa599efba, type: 3}
--- !u!4 &8988266388962088367 stripped
Transform:
  m_CorrespondingSourceObject: {fileID: 4640782266028741678, guid: dbbd7bbedf8d7984b92c9c0aa599efba,
    type: 3}
  m_PrefabInstance: {fileID: 4385347472352362881}
  m_PrefabAsset: {fileID: 0}
--- !u!1001 &6183636861117868654
PrefabInstance:
  m_ObjectHideFlags: 0
  serializedVersion: 2
  m_Modification:
    m_TransformParent: {fileID: 2271767246363340990}
    m_Modifications:
    - target: {fileID: 1371189545880682999, guid: ad4d3f35fc60aff42938f4b5b60efd2d,
        type: 3}
      propertyPath: m_Name
      value: Chain
      objectReference: {fileID: 0}
    - target: {fileID: 2692071174839759844, guid: ad4d3f35fc60aff42938f4b5b60efd2d,
        type: 3}
      propertyPath: m_LocalPosition.x
      value: 0
      objectReference: {fileID: 0}
    - target: {fileID: 2692071174839759844, guid: ad4d3f35fc60aff42938f4b5b60efd2d,
        type: 3}
      propertyPath: m_LocalPosition.y
      value: 0
      objectReference: {fileID: 0}
    - target: {fileID: 2692071174839759844, guid: ad4d3f35fc60aff42938f4b5b60efd2d,
        type: 3}
      propertyPath: m_LocalPosition.z
      value: 0
      objectReference: {fileID: 0}
    - target: {fileID: 2692071174839759844, guid: ad4d3f35fc60aff42938f4b5b60efd2d,
        type: 3}
      propertyPath: m_LocalRotation.x
      value: -0.5
      objectReference: {fileID: 0}
    - target: {fileID: 2692071174839759844, guid: ad4d3f35fc60aff42938f4b5b60efd2d,
        type: 3}
      propertyPath: m_LocalRotation.y
      value: 0.5
      objectReference: {fileID: 0}
    - target: {fileID: 2692071174839759844, guid: ad4d3f35fc60aff42938f4b5b60efd2d,
        type: 3}
      propertyPath: m_LocalRotation.z
      value: -0.5
      objectReference: {fileID: 0}
    - target: {fileID: 2692071174839759844, guid: ad4d3f35fc60aff42938f4b5b60efd2d,
        type: 3}
      propertyPath: m_LocalRotation.w
      value: 0.5
      objectReference: {fileID: 0}
    - target: {fileID: 2692071174839759844, guid: ad4d3f35fc60aff42938f4b5b60efd2d,
        type: 3}
      propertyPath: m_RootOrder
      value: 0
      objectReference: {fileID: 0}
    - target: {fileID: 2692071174839759844, guid: ad4d3f35fc60aff42938f4b5b60efd2d,
        type: 3}
      propertyPath: m_LocalEulerAnglesHint.x
      value: -180
      objectReference: {fileID: 0}
    - target: {fileID: 2692071174839759844, guid: ad4d3f35fc60aff42938f4b5b60efd2d,
        type: 3}
      propertyPath: m_LocalEulerAnglesHint.y
      value: -90
      objectReference: {fileID: 0}
    - target: {fileID: 2692071174839759844, guid: ad4d3f35fc60aff42938f4b5b60efd2d,
        type: 3}
      propertyPath: m_LocalEulerAnglesHint.z
      value: 90
      objectReference: {fileID: 0}
    - target: {fileID: 2692071174839759844, guid: ad4d3f35fc60aff42938f4b5b60efd2d,
        type: 3}
      propertyPath: m_LocalScale.x
      value: 0.1423261
      objectReference: {fileID: 0}
    - target: {fileID: 2692071174839759844, guid: ad4d3f35fc60aff42938f4b5b60efd2d,
        type: 3}
      propertyPath: m_LocalScale.y
      value: 0.07680999
      objectReference: {fileID: 0}
    - target: {fileID: 2692071174839759844, guid: ad4d3f35fc60aff42938f4b5b60efd2d,
        type: 3}
      propertyPath: m_LocalScale.z
      value: 0.1423261
      objectReference: {fileID: 0}
    m_RemovedComponents: []
  m_SourcePrefab: {fileID: 100100000, guid: ad4d3f35fc60aff42938f4b5b60efd2d, type: 3}
--- !u!4 &8110024765052639626 stripped
Transform:
  m_CorrespondingSourceObject: {fileID: 2692071174839759844, guid: ad4d3f35fc60aff42938f4b5b60efd2d,
    type: 3}
  m_PrefabInstance: {fileID: 6183636861117868654}
  m_PrefabAsset: {fileID: 0}
--- !u!1001 &6470711708958321709
PrefabInstance:
  m_ObjectHideFlags: 0
  serializedVersion: 2
  m_Modification:
    m_TransformParent: {fileID: 2271767246363340990}
    m_Modifications:
    - target: {fileID: 1371189545880682999, guid: ad4d3f35fc60aff42938f4b5b60efd2d,
        type: 3}
      propertyPath: m_Name
      value: Chain (1)
      objectReference: {fileID: 0}
    - target: {fileID: 2692071174839759844, guid: ad4d3f35fc60aff42938f4b5b60efd2d,
        type: 3}
      propertyPath: m_LocalPosition.x
      value: 1.656
      objectReference: {fileID: 0}
    - target: {fileID: 2692071174839759844, guid: ad4d3f35fc60aff42938f4b5b60efd2d,
        type: 3}
      propertyPath: m_LocalPosition.y
      value: 0
      objectReference: {fileID: 0}
    - target: {fileID: 2692071174839759844, guid: ad4d3f35fc60aff42938f4b5b60efd2d,
        type: 3}
      propertyPath: m_LocalPosition.z
      value: 0
      objectReference: {fileID: 0}
    - target: {fileID: 2692071174839759844, guid: ad4d3f35fc60aff42938f4b5b60efd2d,
        type: 3}
      propertyPath: m_LocalRotation.x
      value: -0.5
      objectReference: {fileID: 0}
    - target: {fileID: 2692071174839759844, guid: ad4d3f35fc60aff42938f4b5b60efd2d,
        type: 3}
      propertyPath: m_LocalRotation.y
      value: 0.5
      objectReference: {fileID: 0}
    - target: {fileID: 2692071174839759844, guid: ad4d3f35fc60aff42938f4b5b60efd2d,
        type: 3}
      propertyPath: m_LocalRotation.z
      value: -0.5
      objectReference: {fileID: 0}
    - target: {fileID: 2692071174839759844, guid: ad4d3f35fc60aff42938f4b5b60efd2d,
        type: 3}
      propertyPath: m_LocalRotation.w
      value: 0.5
      objectReference: {fileID: 0}
    - target: {fileID: 2692071174839759844, guid: ad4d3f35fc60aff42938f4b5b60efd2d,
        type: 3}
      propertyPath: m_RootOrder
      value: 2
      objectReference: {fileID: 0}
    - target: {fileID: 2692071174839759844, guid: ad4d3f35fc60aff42938f4b5b60efd2d,
        type: 3}
      propertyPath: m_LocalEulerAnglesHint.x
      value: -180
      objectReference: {fileID: 0}
    - target: {fileID: 2692071174839759844, guid: ad4d3f35fc60aff42938f4b5b60efd2d,
        type: 3}
      propertyPath: m_LocalEulerAnglesHint.y
      value: -90
      objectReference: {fileID: 0}
    - target: {fileID: 2692071174839759844, guid: ad4d3f35fc60aff42938f4b5b60efd2d,
        type: 3}
      propertyPath: m_LocalEulerAnglesHint.z
      value: 90
      objectReference: {fileID: 0}
    - target: {fileID: 2692071174839759844, guid: ad4d3f35fc60aff42938f4b5b60efd2d,
        type: 3}
      propertyPath: m_LocalScale.x
      value: 0.1423261
      objectReference: {fileID: 0}
    - target: {fileID: 2692071174839759844, guid: ad4d3f35fc60aff42938f4b5b60efd2d,
        type: 3}
      propertyPath: m_LocalScale.y
      value: 0.07680999
      objectReference: {fileID: 0}
    - target: {fileID: 2692071174839759844, guid: ad4d3f35fc60aff42938f4b5b60efd2d,
        type: 3}
      propertyPath: m_LocalScale.z
      value: 0.1423261
      objectReference: {fileID: 0}
    m_RemovedComponents: []
  m_SourcePrefab: {fileID: 100100000, guid: ad4d3f35fc60aff42938f4b5b60efd2d, type: 3}
--- !u!4 &8975883499249573833 stripped
Transform:
  m_CorrespondingSourceObject: {fileID: 2692071174839759844, guid: ad4d3f35fc60aff42938f4b5b60efd2d,
    type: 3}
  m_PrefabInstance: {fileID: 6470711708958321709}
  m_PrefabAsset: {fileID: 0}
