%YAML 1.1
%TAG !u! tag:unity3d.com,2011:
--- !u!1 &985348952261070569
GameObject:
  m_ObjectHideFlags: 0
  m_CorrespondingSourceObject: {fileID: 0}
  m_PrefabInstance: {fileID: 0}
  m_PrefabAsset: {fileID: 0}
  serializedVersion: 6
  m_Component:
  - component: {fileID: 8532538015245111146}
  - component: {fileID: 5095471319876404350}
  - component: {fileID: 2513807589410634602}
  - component: {fileID: 6470374491949198670}
  m_Layer: 0
  m_Name: StuffedChicken
  m_TagString: Product
  m_Icon: {fileID: 0}
  m_NavMeshLayer: 0
  m_StaticEditorFlags: 0
  m_IsActive: 1
--- !u!4 &8532538015245111146
Transform:
  m_ObjectHideFlags: 0
  m_CorrespondingSourceObject: {fileID: 0}
  m_PrefabInstance: {fileID: 0}
  m_PrefabAsset: {fileID: 0}
  m_GameObject: {fileID: 985348952261070569}
  m_LocalRotation: {x: 0, y: 0, z: 0, w: 1}
  m_LocalPosition: {x: 0, y: 0, z: 0}
  m_LocalScale: {x: 1, y: 1, z: 1}
  m_Children:
  - {fileID: 619424743429697174}
  - {fileID: 1780818264884314886}
  m_Father: {fileID: 0}
  m_RootOrder: 0
  m_LocalEulerAnglesHint: {x: 0, y: 0, z: 0}
--- !u!54 &5095471319876404350
Rigidbody:
  m_ObjectHideFlags: 0
  m_CorrespondingSourceObject: {fileID: 0}
  m_PrefabInstance: {fileID: 0}
  m_PrefabAsset: {fileID: 0}
  m_GameObject: {fileID: 985348952261070569}
  serializedVersion: 2
  m_Mass: 1
  m_Drag: 0
  m_AngularDrag: 0.05
  m_UseGravity: 1
  m_IsKinematic: 0
  m_Interpolate: 0
  m_Constraints: 0
  m_CollisionDetection: 0
--- !u!114 &2513807589410634602
MonoBehaviour:
  m_ObjectHideFlags: 0
  m_CorrespondingSourceObject: {fileID: 0}
  m_PrefabInstance: {fileID: 0}
  m_PrefabAsset: {fileID: 0}
  m_GameObject: {fileID: 985348952261070569}
  m_Enabled: 1
  m_EditorHideFlags: 0
  m_Script: {fileID: 11500000, guid: dd117c0bf826dac4489913cf2e79abbd, type: 3}
  m_Name: 
  m_EditorClassIdentifier: 
  EatableType: {fileID: 11400000, guid: 6d6045080b708304d9c25956cca6637f, type: 2}
  PlayerTag: 
  IsThrowen: 0
  MeshFilter: {fileID: 0}
  Renderer: {fileID: 0}
  _highLightMaterial: {fileID: 2100000, guid: 4aa86f133dd872840b401110240db1ff, type: 2}
  _pickUpIndicator: {fileID: 1170881049326329869}
--- !u!64 &6470374491949198670
MeshCollider:
  m_ObjectHideFlags: 0
  m_CorrespondingSourceObject: {fileID: 0}
  m_PrefabInstance: {fileID: 0}
  m_PrefabAsset: {fileID: 0}
  m_GameObject: {fileID: 985348952261070569}
  m_Material: {fileID: 0}
  m_IsTrigger: 0
  m_Enabled: 1
  serializedVersion: 3
  m_Convex: 1
  m_CookingOptions: 14
  m_Mesh: {fileID: 2935500685913687472, guid: 8f29579ea077f284cbfbd118f5779a52, type: 3}
--- !u!1 &4522733729669454981
GameObject:
  m_ObjectHideFlags: 0
  m_CorrespondingSourceObject: {fileID: 8141634941495094698, guid: 13614691d7d98ef43b6c02acab30e9da,
    type: 3}
  m_PrefabInstance: {fileID: 5638259938340450607}
  m_PrefabAsset: {fileID: 0}
  serializedVersion: 6
  m_Component:
  - component: {fileID: 619424743429697174}
  - component: {fileID: 8485807794173891744}
  - component: {fileID: 2810013422919493721}
  m_Layer: 0
  m_Name: Model
  m_TagString: Untagged
  m_Icon: {fileID: 0}
  m_NavMeshLayer: 0
  m_StaticEditorFlags: 0
  m_IsActive: 1
--- !u!4 &619424743429697174
Transform:
  m_ObjectHideFlags: 0
  m_CorrespondingSourceObject: {fileID: 5091244677402714041, guid: 13614691d7d98ef43b6c02acab30e9da,
    type: 3}
  m_PrefabInstance: {fileID: 5638259938340450607}
  m_PrefabAsset: {fileID: 0}
  m_GameObject: {fileID: 4522733729669454981}
  m_LocalRotation: {x: 0, y: 0, z: 0, w: 1}
  m_LocalPosition: {x: 0, y: 0, z: 0}
  m_LocalScale: {x: 1, y: 1, z: 1}
  m_Children: []
  m_Father: {fileID: 8532538015245111146}
  m_RootOrder: 0
  m_LocalEulerAnglesHint: {x: 0, y: 0, z: 0}
--- !u!33 &8485807794173891744
MeshFilter:
  m_ObjectHideFlags: 0
  m_CorrespondingSourceObject: {fileID: 4322535008182003087, guid: 13614691d7d98ef43b6c02acab30e9da,
    type: 3}
  m_PrefabInstance: {fileID: 5638259938340450607}
  m_PrefabAsset: {fileID: 0}
  m_GameObject: {fileID: 4522733729669454981}
  m_Mesh: {fileID: 2935500685913687472, guid: 8f29579ea077f284cbfbd118f5779a52, type: 3}
--- !u!23 &2810013422919493721
MeshRenderer:
  m_ObjectHideFlags: 0
  m_CorrespondingSourceObject: {fileID: 7548089992894683510, guid: 13614691d7d98ef43b6c02acab30e9da,
    type: 3}
  m_PrefabInstance: {fileID: 5638259938340450607}
  m_PrefabAsset: {fileID: 0}
  m_GameObject: {fileID: 4522733729669454981}
  m_Enabled: 1
  m_CastShadows: 1
  m_ReceiveShadows: 1
  m_DynamicOccludee: 1
  m_MotionVectors: 1
  m_LightProbeUsage: 1
  m_ReflectionProbeUsage: 1
  m_RenderingLayerMask: 1
  m_RendererPriority: 0
  m_Materials:
  - {fileID: 2100000, guid: d1f17021538fd884ea8c61cb899abdd8, type: 2}
  m_StaticBatchInfo:
    firstSubMesh: 0
    subMeshCount: 0
  m_StaticBatchRoot: {fileID: 0}
  m_ProbeAnchor: {fileID: 0}
  m_LightProbeVolumeOverride: {fileID: 0}
  m_ScaleInLightmap: 1
  m_ReceiveGI: 1
  m_PreserveUVs: 0
  m_IgnoreNormalsForChartDetection: 0
  m_ImportantGI: 0
  m_StitchLightmapSeams: 1
  m_SelectedEditorRenderState: 3
  m_MinimumChartSize: 4
  m_AutoUVMaxDistance: 0.5
  m_AutoUVMaxAngle: 89
  m_LightmapParameters: {fileID: 0}
  m_SortingLayerID: 0
  m_SortingLayer: 0
  m_SortingOrder: 0
--- !u!1001 &1095043770100695948
PrefabInstance:
  m_ObjectHideFlags: 0
  serializedVersion: 2
  m_Modification:
    m_TransformParent: {fileID: 8532538015245111146}
    m_Modifications:
    - target: {fileID: 1694721557394243722, guid: e11560cf10d11734a96054bdfd200cc7,
        type: 3}
      propertyPath: m_LocalPosition.x
      value: 0
      objectReference: {fileID: 0}
    - target: {fileID: 1694721557394243722, guid: e11560cf10d11734a96054bdfd200cc7,
        type: 3}
      propertyPath: m_LocalPosition.y
      value: 0
      objectReference: {fileID: 0}
    - target: {fileID: 1694721557394243722, guid: e11560cf10d11734a96054bdfd200cc7,
        type: 3}
      propertyPath: m_LocalPosition.z
      value: 0
      objectReference: {fileID: 0}
    - target: {fileID: 1694721557394243722, guid: e11560cf10d11734a96054bdfd200cc7,
        type: 3}
      propertyPath: m_LocalRotation.x
      value: 0
      objectReference: {fileID: 0}
    - target: {fileID: 1694721557394243722, guid: e11560cf10d11734a96054bdfd200cc7,
        type: 3}
      propertyPath: m_LocalRotation.y
      value: 0
      objectReference: {fileID: 0}
    - target: {fileID: 1694721557394243722, guid: e11560cf10d11734a96054bdfd200cc7,
        type: 3}
      propertyPath: m_LocalRotation.z
      value: 0
      objectReference: {fileID: 0}
    - target: {fileID: 1694721557394243722, guid: e11560cf10d11734a96054bdfd200cc7,
        type: 3}
      propertyPath: m_LocalRotation.w
      value: 1
      objectReference: {fileID: 0}
    - target: {fileID: 1694721557394243722, guid: e11560cf10d11734a96054bdfd200cc7,
        type: 3}
      propertyPath: m_RootOrder
      value: 1
      objectReference: {fileID: 0}
    - target: {fileID: 1694721557394243722, guid: e11560cf10d11734a96054bdfd200cc7,
        type: 3}
      propertyPath: m_LocalEulerAnglesHint.x
      value: 0
      objectReference: {fileID: 0}
    - target: {fileID: 1694721557394243722, guid: e11560cf10d11734a96054bdfd200cc7,
        type: 3}
      propertyPath: m_LocalEulerAnglesHint.y
      value: 0
      objectReference: {fileID: 0}
    - target: {fileID: 1694721557394243722, guid: e11560cf10d11734a96054bdfd200cc7,
        type: 3}
      propertyPath: m_LocalEulerAnglesHint.z
      value: 0
      objectReference: {fileID: 0}
    - target: {fileID: 1694721557394243722, guid: e11560cf10d11734a96054bdfd200cc7,
        type: 3}
      propertyPath: m_AnchoredPosition.x
      value: 0
      objectReference: {fileID: 0}
    - target: {fileID: 1694721557394243722, guid: e11560cf10d11734a96054bdfd200cc7,
        type: 3}
      propertyPath: m_AnchoredPosition.y
      value: 1.2650146
      objectReference: {fileID: 0}
    - target: {fileID: 1694721557394243722, guid: e11560cf10d11734a96054bdfd200cc7,
        type: 3}
      propertyPath: m_SizeDelta.x
      value: 3
      objectReference: {fileID: 0}
    - target: {fileID: 1694721557394243722, guid: e11560cf10d11734a96054bdfd200cc7,
        type: 3}
      propertyPath: m_SizeDelta.y
      value: 0.75
      objectReference: {fileID: 0}
    - target: {fileID: 1694721557394243722, guid: e11560cf10d11734a96054bdfd200cc7,
        type: 3}
      propertyPath: m_AnchorMin.x
      value: 0
      objectReference: {fileID: 0}
    - target: {fileID: 1694721557394243722, guid: e11560cf10d11734a96054bdfd200cc7,
        type: 3}
      propertyPath: m_AnchorMin.y
      value: 0
      objectReference: {fileID: 0}
    - target: {fileID: 1694721557394243722, guid: e11560cf10d11734a96054bdfd200cc7,
        type: 3}
      propertyPath: m_AnchorMax.x
      value: 0
      objectReference: {fileID: 0}
    - target: {fileID: 1694721557394243722, guid: e11560cf10d11734a96054bdfd200cc7,
        type: 3}
      propertyPath: m_AnchorMax.y
      value: 0
      objectReference: {fileID: 0}
    - target: {fileID: 1694721557394243722, guid: e11560cf10d11734a96054bdfd200cc7,
        type: 3}
      propertyPath: m_Pivot.x
      value: 0.5
      objectReference: {fileID: 0}
    - target: {fileID: 1694721557394243722, guid: e11560cf10d11734a96054bdfd200cc7,
        type: 3}
      propertyPath: m_Pivot.y
      value: 0.5
      objectReference: {fileID: 0}
    - target: {fileID: 2285732146518776366, guid: e11560cf10d11734a96054bdfd200cc7,
        type: 3}
      propertyPath: m_Name
      value: ProductGUI
      objectReference: {fileID: 0}
    m_RemovedComponents: []
  m_SourcePrefab: {fileID: 100100000, guid: e11560cf10d11734a96054bdfd200cc7, type: 3}
--- !u!224 &1780818264884314886 stripped
RectTransform:
  m_CorrespondingSourceObject: {fileID: 1694721557394243722, guid: e11560cf10d11734a96054bdfd200cc7,
    type: 3}
  m_PrefabInstance: {fileID: 1095043770100695948}
  m_PrefabAsset: {fileID: 0}
--- !u!1 &1170881049326329869 stripped
GameObject:
  m_CorrespondingSourceObject: {fileID: 2237636581505524609, guid: e11560cf10d11734a96054bdfd200cc7,
    type: 3}
  m_PrefabInstance: {fileID: 1095043770100695948}
  m_PrefabAsset: {fileID: 0}
--- !u!1001 &5638259938340450607
PrefabInstance:
  m_ObjectHideFlags: 0
  serializedVersion: 2
  m_Modification:
    m_TransformParent: {fileID: 8532538015245111146}
    m_Modifications:
    - target: {fileID: 5091244677402714041, guid: 13614691d7d98ef43b6c02acab30e9da,
        type: 3}
      propertyPath: m_LocalPosition.x
      value: 0
      objectReference: {fileID: 0}
    - target: {fileID: 5091244677402714041, guid: 13614691d7d98ef43b6c02acab30e9da,
        type: 3}
      propertyPath: m_LocalPosition.y
      value: 0
      objectReference: {fileID: 0}
    - target: {fileID: 5091244677402714041, guid: 13614691d7d98ef43b6c02acab30e9da,
        type: 3}
      propertyPath: m_LocalPosition.z
      value: 0
      objectReference: {fileID: 0}
    - target: {fileID: 5091244677402714041, guid: 13614691d7d98ef43b6c02acab30e9da,
        type: 3}
      propertyPath: m_LocalRotation.x
      value: 0
      objectReference: {fileID: 0}
    - target: {fileID: 5091244677402714041, guid: 13614691d7d98ef43b6c02acab30e9da,
        type: 3}
      propertyPath: m_LocalRotation.y
      value: 0
      objectReference: {fileID: 0}
    - target: {fileID: 5091244677402714041, guid: 13614691d7d98ef43b6c02acab30e9da,
        type: 3}
      propertyPath: m_LocalRotation.z
      value: 0
      objectReference: {fileID: 0}
    - target: {fileID: 5091244677402714041, guid: 13614691d7d98ef43b6c02acab30e9da,
        type: 3}
      propertyPath: m_LocalRotation.w
      value: 1
      objectReference: {fileID: 0}
    - target: {fileID: 5091244677402714041, guid: 13614691d7d98ef43b6c02acab30e9da,
        type: 3}
      propertyPath: m_RootOrder
      value: 0
      objectReference: {fileID: 0}
    - target: {fileID: 5091244677402714041, guid: 13614691d7d98ef43b6c02acab30e9da,
        type: 3}
      propertyPath: m_LocalEulerAnglesHint.x
      value: 0
      objectReference: {fileID: 0}
    - target: {fileID: 5091244677402714041, guid: 13614691d7d98ef43b6c02acab30e9da,
        type: 3}
      propertyPath: m_LocalEulerAnglesHint.y
      value: 0
      objectReference: {fileID: 0}
    - target: {fileID: 5091244677402714041, guid: 13614691d7d98ef43b6c02acab30e9da,
        type: 3}
      propertyPath: m_LocalEulerAnglesHint.z
      value: 0
      objectReference: {fileID: 0}
    - target: {fileID: 8141634941495094698, guid: 13614691d7d98ef43b6c02acab30e9da,
        type: 3}
      propertyPath: m_Name
      value: Model
      objectReference: {fileID: 0}
    m_RemovedComponents:
    - {fileID: 0}
  m_SourcePrefab: {fileID: 100100000, guid: 13614691d7d98ef43b6c02acab30e9da, type: 3}
